<marcxml:record xmlns:xlink="http://www.w3.org/1999/xlink" xmlns:marcxml="http://www.loc.gov/MARC21/slim" xmlns:rdf="http://www.w3.org/1999/02/22-rdf-syntax-ns#" xmlns:madsrdf="http://www.loc.gov/mads/rdf/v1#" xmlns:ri="http://id.loc.gov/ontologies/RecordInfo#" xmlns:xsi="http://www.w3.org/2001/XMLSchema-instance" xmlns:mets="http://www.loc.gov/METS/" xmlns:idx="info:lc/xq-modules/lcindex" xmlns:bfidx="info:lc/xq-modules/bfidx" xmlns:semtriples="http://marklogic.com/semantic" xmlns:bf="http://id.loc.gov/ontologies/bibframe/" xmlns:bflc="http://id.loc.gov/ontologies/bflc/" xmlns:bfsimple="http://id.loc.gov/ontologies/bfsimple/" xmlns:dcterms="http://purl.org/dc/terms/">
  <marcxml:leader>01581cam a2200349 a 4500</marcxml:leader>
  <marcxml:controlfield tag="001">16760315</marcxml:controlfield>
  <marcxml:controlfield tag="005">20210416205854.0</marcxml:controlfield>
  <marcxml:controlfield tag="008">110503s2011    nyua   c      001 1 eng  </marcxml:controlfield>
  <marcxml:datafield ind1=" " ind2=" " tag="906">
    <marcxml:subfield code="a">7</marcxml:subfield>
    <marcxml:subfield code="b">cbc</marcxml:subfield>
    <marcxml:subfield code="c">orignew</marcxml:subfield>
    <marcxml:subfield code="d">1</marcxml:subfield>
    <marcxml:subfield code="e">ecip</marcxml:subfield>
    <marcxml:subfield code="f">20</marcxml:subfield>
    <marcxml:subfield code="g">y-gencatlg</marcxml:subfield>
  </marcxml:datafield>
  <marcxml:datafield ind1="0" ind2=" " tag="925">
    <marcxml:subfield code="a">acquire</marcxml:subfield>
    <marcxml:subfield code="b">2 shelf copies</marcxml:subfield>
    <marcxml:subfield code="x">policy default</marcxml:subfield>
  </marcxml:datafield>
  <marcxml:datafield ind1=" " ind2=" " tag="955">
    <marcxml:subfield code="b">xc09 2011-05-03</marcxml:subfield>
    <marcxml:subfield code="i">xc09 2011-05-03 RUSH to cip</marcxml:subfield>
    <marcxml:subfield code="a">xn02 2012-01-19 1 copy rec'd., to CIP ver.</marcxml:subfield>
    <marcxml:subfield code="f">xc07 2012-05-18 (telework) c.1 to shelf</marcxml:subfield>
    <marcxml:subfield code="t">xc28 2012-05-23 c. 2 to BCCD</marcxml:subfield>
    <marcxml:subfield code="u">xk09 2021-04-16 TW situational, changed tagging on Merlin heading</marcxml:subfield>
  </marcxml:datafield>
  <marcxml:datafield ind1=" " ind2=" " tag="010">
    <marcxml:subfield code="a">  2011013552</marcxml:subfield>
  </marcxml:datafield>
  <marcxml:datafield ind1=" " ind2=" " tag="020">
    <marcxml:subfield code="a">9780399247415</marcxml:subfield>
  </marcxml:datafield>
  <marcxml:datafield ind1=" " ind2=" " tag="040">
    <marcxml:subfield code="a">DLC</marcxml:subfield>
    <marcxml:subfield code="c">DLC</marcxml:subfield>
    <marcxml:subfield code="d">DLC</marcxml:subfield>
  </marcxml:datafield>
  <marcxml:datafield ind1=" " ind2=" " tag="042">
    <marcxml:subfield code="a">lcac</marcxml:subfield>
    <marcxml:subfield code="a">pcc</marcxml:subfield>
  </marcxml:datafield>
  <marcxml:datafield ind1="0" ind2="0" tag="050">
    <marcxml:subfield code="a">PZ7.B27567</marcxml:subfield>
    <marcxml:subfield code="b">Md 2011</marcxml:subfield>
  </marcxml:datafield>
  <marcxml:datafield ind1="0" ind2="0" tag="082">
    <marcxml:subfield code="a">[Fic]</marcxml:subfield>
    <marcxml:subfield code="2">23</marcxml:subfield>
  </marcxml:datafield>
  <marcxml:datafield ind1="1" ind2=" " tag="100">
    <marcxml:subfield code="a">Barron, T. A.</marcxml:subfield>
  </marcxml:datafield>
  <marcxml:datafield ind1="1" ind2="0" tag="245">
    <marcxml:subfield code="a">Merlin.</marcxml:subfield>
    <marcxml:subfield code="n">Book 12,</marcxml:subfield>
    <marcxml:subfield code="p">The book of magic /</marcxml:subfield>
    <marcxml:subfield code="c">T.A. Barron ; illustrated by August Hall.</marcxml:subfield>
  </marcxml:datafield>
  <marcxml:datafield ind1="3" ind2="0" tag="246">
    <marcxml:subfield code="a">Book of magic</marcxml:subfield>
  </marcxml:datafield>
  <marcxml:datafield ind1=" " ind2=" " tag="260">
    <marcxml:subfield code="a">New York :</marcxml:subfield>
    <marcxml:subfield code="b">Philomel Books,</marcxml:subfield>
    <marcxml:subfield code="c">2011.</marcxml:subfield>
  </marcxml:datafield>
  <marcxml:datafield ind1=" " ind2=" " tag="300">
    <marcxml:subfield code="a">167 p. :</marcxml:subfield>
    <marcxml:subfield code="b">ill., map ;</marcxml:subfield>
    <marcxml:subfield code="c">24 cm.</marcxml:subfield>
  </marcxml:datafield>
  <marcxml:datafield ind1=" " ind2=" " tag="500">
    <marcxml:subfield code="a">Includes index.</marcxml:subfield>
  </marcxml:datafield>
  <marcxml:datafield ind1=" " ind2=" " tag="500">
    <marcxml:subfield code="a">"The wizard's own journal of secret treasures, terrible foes, true friends, and magical worlds."</marcxml:subfield>
  </marcxml:datafield>
  <marcxml:datafield ind1=" " ind2=" " tag="500">
    <marcxml:subfield code="a">"A companion volume to The Lost Years of Merlin epic, Merlin's Dragon trilogy, and The Great Tree of Avalon trilogy."</marcxml:subfield>
  </marcxml:datafield>
  <marcxml:datafield ind1=" " ind2=" " tag="520">
    <marcxml:subfield code="a">A compendium of maps, character descriptions, magical terms, timelines, and other tidbits from the author's Merlin saga.</marcxml:subfield>
  </marcxml:datafield>
  <marcxml:datafield ind1="0" ind2="0" tag="600">
    <marcxml:subfield code="a">Merlin</marcxml:subfield>
    <marcxml:subfield code="c">(Legendary character)</marcxml:subfield>
    <marcxml:subfield code="v">Juvenile fiction.</marcxml:subfield>
  </marcxml:datafield>
  <marcxml:datafield ind1="0" ind2="1" tag="600">
    <marcxml:subfield code="a">Merlin</marcxml:subfield>
    <marcxml:subfield code="c">(Legendary character)</marcxml:subfield>
    <marcxml:subfield code="v">Fiction.</marcxml:subfield>
  </marcxml:datafield>
  <marcxml:datafield ind1=" " ind2="1" tag="650">
    <marcxml:subfield code="a">Magic</marcxml:subfield>
    <marcxml:subfield code="v">Fiction.</marcxml:subfield>
  </marcxml:datafield>
  <marcxml:datafield ind1=" " ind2="1" tag="650">
    <marcxml:subfield code="a">Wizards</marcxml:subfield>
    <marcxml:subfield code="v">Fiction.</marcxml:subfield>
  </marcxml:datafield>
  <marcxml:datafield ind1=" " ind2="1" tag="650">
    <marcxml:subfield code="a">Fantasy.</marcxml:subfield>
  </marcxml:datafield>
  <marcxml:datafield ind1="1" ind2=" " tag="700">
    <marcxml:subfield code="a">Hall, August,</marcxml:subfield>
    <marcxml:subfield code="e">ill.</marcxml:subfield>
  </marcxml:datafield>
</marcxml:record>
